@inproceedings{bergero2015efficient,
  title={Efficient compilation of large scale Modelica models},
  author={Bergero, Federico and Botta, Mariano and Kofman, Ernesto},
  booktitle={11th International Modelica Conference},
  year={2015}
}

@inproceedings{ZFK19,
  title={Set-based graph methods for fast equation sorting in large DAE systems},
  author={Zimmermann, Pablo and Fern{\'a}ndez, Joaqu{\'\i}n and Kofman, Ernesto},
  booktitle={Proceedings of the 9th International Workshop on Equation-based Object-oriented Modeling Languages and Tools},
  pages={45--54},
  year={2019}
}


@inproceedings{marzorati20,
  title={Aplanado eficiente de grandes sistemas de ecuaciones algebraico-diferenciales},
  author={Marzorati, Denise and Fernandez, Joaquın and Kofman, Ernesto},
  booktitle={FCEIA-ECEN-DCC- Trabajos Finales de Grado (trabajos finales, proyectos y tesinas)},
  year={2020}
}


@article{marzorati2022efficient,
  title={Efficient connection processing in equation--based object--oriented models},
  author={Marzorati, Denise and Fern{\'a}ndez, Joaquin and Kofman, Ernesto},
  journal={Applied Mathematics and Computation},
  volume={418},
  pages={126842},
  year={2022},
  publisher={Elsevier}
}


@article{marzorati2024efficient,
  title={Efficient Matching in Large DAE Models.},
  author={Marzorati, Denise and Fern{\'a}ndez, Joaqu{\'\i}n and Kofman, Ernesto},
  journal={ACM Transactions on Mathematical Software},
  year={2024},
  publisher={ACM New York, NY}
}

@misc{sbg,
  author       = {{CIFASIS}},
  title        = {{CIFASIS/sb-graph}},
  year         = {2025},
  howpublished = {\url{https://github.com/CIFASIS/sb-graph/tree/sb-graph-dev}},
  note         = {Repositorio en GitHub},
  urldate      = {2025-05-10}
}

@inproceedings{fritzson1998modelica,
  title={Modelica—A unified object-oriented language for system modeling and simulation},
  author={Fritzson, Peter and Engelson, Vadim},
  booktitle={European Conference on Object-Oriented Programming},
  pages={67--90},
  year={1998},
  organization={Springer}
}


@inproceedings{fritzson2002modelica,
  title={Modelica-a general object-oriented language for continuous and discrete-event system modeling and simulation},
  author={Fritzson, Peter and Bunus, Peter},
  booktitle={Proceedings 35th Annual Simulation Symposium. SS 2002},
  pages={365--380},
  year={2002},
  organization={IEEE}
}

@article{fritzson2020openmodelica,
  title={The OpenModelica integrated environment for modeling, simulation, and model-based development},
  author={Fritzson, Peter and Pop, Adrian and Abdelhak, Karim and Asghar, Adeel and Bachmann, Bernhard and Braun, Willi and Bouskela, Daniel and Braun, Robert and Buffoni, Lena and Casella, Francesco and others},
  journal={Modeling, Identification and Control},
  volume={41},
  number={4},
  pages={241--295},
  year={2020},
  publisher={Norsk Forening for Automatisering}
}

@inproceedings{dempsey2006dymola,
  title={Dymola for multi-engineering modelling and simulation},
  author={Dempsey, Mike},
  booktitle={2006 IEEE Vehicle Power and Propulsion Conference},
  pages={1--6},
  year={2006},
  organization={IEEE}
}

@incollection{rozhdestvensky2020description,
  title={Description of the Wolfram SystemModeler},
  author={Rozhdestvensky, Kirill and Ryzhov, Vladimir and Fedorova, Tatiana and Safronov, Kirill and Tryaskin, Nikita and Sulaiman, Shaharin Anwar and Ovinis, Mark and Hassan, Suhaimi},
  booktitle={Computer Modeling and Simulation of Dynamic Systems Using Wolfram SystemModeler},
  pages={23--87},
  year={2020},
  publisher={Springer}
} 